%% This BibTeX bibliography file was created using BibDesk.
%% http://bibdesk.sourceforge.net/

%% Created for Reid Falconer at 2019-03-31 23:28:55 +0200 


%% Saved with string encoding Unicode (UTF-8) 



@article{mnih2013playing,
	Author = {Mnih, Volodymyr and Kavukcuoglu, Koray and Silver, David and Graves, Alex and Antonoglou, Ioannis and Wierstra, Daan and Riedmiller, Martin},
	Date-Added = {2019-03-31 23:28:53 +0200},
	Date-Modified = {2019-03-31 23:28:53 +0200},
	Journal = {arXiv preprint arXiv:1312.5602},
	Title = {Playing atari with deep reinforcement learning},
	Year = {2013}}

@article{xiong2018practical,
	Author = {Xiong, Zhuoran and Liu, Xiao-Yang and Zhong, Shan and Walid, Anwar and others},
	Date-Added = {2019-03-31 23:26:58 +0200},
	Date-Modified = {2019-03-31 23:26:58 +0200},
	Journal = {arXiv preprint arXiv:1811.07522},
	Title = {Practical deep reinforcement learning approach for stock trading},
	Year = {2018}}

@article{bertoluzzo2012testing,
	Author = {Bertoluzzo, Francesco and Corazza, Marco},
	Date-Added = {2019-03-31 20:05:04 +0200},
	Date-Modified = {2019-03-31 20:05:04 +0200},
	Journal = {Procedia Economics and Finance},
	Pages = {68--77},
	Publisher = {Elsevier},
	Title = {Testing different Reinforcement Learning configurations for financial trading: Introduction and applications},
	Volume = {3},
	Year = {2012}}

@inproceedings{neuneier1996optimal,
	Author = {Neuneier, Ralph},
	Booktitle = {Advances in Neural Information Processing Systems},
	Date-Added = {2019-03-31 20:04:33 +0200},
	Date-Modified = {2019-03-31 20:04:33 +0200},
	Pages = {952--958},
	Title = {Optimal asset allocation using adaptive dynamic programming},
	Year = {1996}}

@book{sutton1998introduction,
	Author = {Sutton, Richard S and Barto, Andrew G and others},
	Date-Added = {2019-03-31 20:01:19 +0200},
	Date-Modified = {2019-03-31 20:01:19 +0200},
	Publisher = {MIT press Cambridge},
	Title = {Introduction to reinforcement learning},
	Volume = {135},
	Year = {1998}}
